1791 2940
822 53 916 103 Ἠ

137 192 322 245 propter
361 188 577 233 Isocratis
614 193 831 248 aetatem,
851 192 1045 236 *etiamsi
1078 192 1359 240 'Aeschinem
1392 193 1602 250 neglexe-

137 257 224 310 ris,
265 272 353 303 non
388 264 538 320 potest
567 259 624 305 de
660 260 860 305 Lat-,hare
903 259 1250 324 Atheniensium
1287 261 1600 320 tyrannam)

138 326 331 382 cogitari
370 333 416 371 et
443 327 501 371 de
530 328 631 371 eius
660 328 964 384 adiutoribus,
1004 343 1250 387 quanquam
1278 327 1603 372 Lachareste-

137 396 207 436 ste
237 392 483 440 Plutarcho
513 399 607 451 128)
636 393 721 454 τὴν.
740 392 939 455 Ἀθηνᾶν
967 391 1185 449 ἒξέδυσεν.
1216 411 1271 440 ne
1295 397 1461 452 multa3
1499 396 1600 440 aute

135 459 287 504 XXX
324 465 448 507 viros
487 465 628 507 semel
665 469 836 507 tantum
883 466 1060 517 perisse
1101 464 1281 509 videtur
1319 463 1601 538 Gorgoneum

134 528 300 575 Medici
329 531 438 577 belli
467 536 692 596 tempore·
732 532 850 592 quod
877 530 1203 579 Themistoclis
1244 527 1408 578 dicitur
1431 526 1603 577 strate-

45 599 47 601 ’
133 613 265 680 gema
297 614 321 642 a
354 597 559 644 Clidemo
590 600 709 681 anpud
741 599 1031 665 Plutarchum
1063 603 1182 653 127)-
1224 596 1602 656 Κατάβὰινόντων

132 664 218 724 γὰρ
247 663 312 718 εἷς
330 667 533 727 Πειραια
559 669 649 711 τῶν
673 663 949 726 Ἀθηναίων,
974 665 1115 737 φησὶν
1138 657 1402 712 ἀπολέσθαι
1414 667 1470 711 τὸ
1482 669 1600 726 Tou-.-

131 729 306 788 γόνειον
334 730 427 779 ἀπὸ
455 736 538 793 τῆς
564 737 680 779 θεοῦ
713 738 794 794 τοῦ
823 731 1093 794 ἀγάλματος.
1151 733 1229 779 τὸν
1268 729 1347 779 οὗν
1380 735 1600 816 Θεμιστο-

132 797 268 843 κλέα
264 797 666 885 προςπζοιούμενον
715 803 891 884 ζητεῖν
903 801 980 846 καὶ
1029 799 1381 883 διερευνώμενον
1421 799 1600 846 ἅπαντα

126 865 365 924 χρημάτων
395 867 613 929 εὑρίσκειν
641 868 865 928 πλῆθος
842 885 890 913 εν
908 871 1007 920 ταῖς
1024 864 1300 920 ἀποσκευαῖς
1315 865 1600 927 ἀποκεκρυμ-

129 933 286 988 μένων.
349 937 457 996 quid
495 937 638 995 igitur
668 938 709 982 si
748 936 1014 995 Philurgum
1058 935 1268 991 (Phileas
1304 936 1419 981 enim
1447 935 1602 980 deberi

131 1002 311 1047 videtur
343 1006 582 1049 memoriae
611 1006 760 1051 fallaci
792 1003 999 1070 synesii]
1039 1003 1240 1048 dicemus
1273 1003 1600 1048 Themistoclis

130 1072 317 1116 consilio
347 1073 538 1126 fecisse,
581 1077 626 1116 et
655 1087 740 1131 quo
771 1074 869 1131 ipse
899 1073 1039 1116 tutior
1071 1078 1193 1116 esset
1220 1071 1499 1116 Andocidem
1528 1086 1600 1115 re-

130 1155 202 1182 um
233 1135 417 1196 egisse?
476 1141 681 1196 congruit
710 1139 829 1198 quod
858 1140 913 1183 al)
941 1140 1252 1198 Aristophane
1280 1142 1373 1193 128)
1416 1140 1598 1200 olymp.

130 1200 270 1252 Xcll
300 1222 365 1267 pr.
403 1221 538 1250 senex
572 1204 797 1266 capularis
837 1211 1215 1251 commemoratur
1243 1206 1510 1265 Philurgus,
1552 1212 1600 1250 et-

107 1274 262 1336 spetiit
293 1275 486 1318 fortasse
507 1273 672 1332 Suidas
701 1290 779 1319 sua
812 1290 837 1318 e
868 1275 1051 1318 scholiis
1078 1275 1398 1334 Aristophanis
1426 1275 1598 1355 plenio-

128 1340 280 1398 ribus,
308 1357 387 1386 nec
415 1341 680 1388 adversatur
711 1343 896 1409 antiqui
916 1342 1169 1388 Andocidis
1199 1348 1340 1405 aetas,
1369 1344 1447 1401 qui
1476 1357 1598 1387 eno·

128 1409 238 1453 stris
266 1400 525 1456 rationibus
549 1410 671 1455 eirca
691 1416 869 1471 tempus
898 1402 1166 1456 Salaminiae
1196 1406 1369 1470 pugnae
1391 1409 1504 1478 XX.
1523 1412 1597 1457 vel

129 1478 287 1526 XXV.
320 1496 478 1525 annum
508 1481 668 1539 egerit.

268 1548 436 1593 Genuit
473 1547 735 1593 Andocides
773 1563 830 1592 ex
867 1562 1033 1603 uxore,
1073 1548 1199 1591 euius
1237 1562 1364 1594 soror
1408 1546 1597 1593 Critiam

125 1617 301 1676 peperit
325 1621 444 1673 129),
472 1616 746 1673 Leoyormn,
778 1617 972 1659 oratoris
1000 1620 1197 1675 patrem,
1224 1620 1271 1659 et
1299 1615 1450 1670 filiam,
1484 1629 1596 1673 quae

125 1687 276 1745 nupsit
304 1685 568 1741 Aristoteli,
607 1683 723 1728 unde
762 1688 894 1727 uatus
932 1687 1004 1727 est
1045 1682 1311 1728 Charmides
1348 1686 1458 1737 13⁰),
1508 1683 1593 1727 sed

125 1770 212 1812 quo
251 1754 526 1797 illustriores
565 1754 742 1796 fuerant
777 1749 989 1806 maiores,
1033 1766 1085 1794 eo
1125 1752 1326 1811 turpiora
1364 1749 1596 1807 Leogorae

127 1822 231 1866 vitia
280 1824 409 1876 sunt,
454 1820 531 1879 qui
573 1819 702 1865 homo
741 1819 892 1862 mollis
930 1785 1093 1863 di'citur
1122 1834 1146 1862 a
1178 1818 1355 1873 comicis
1385 1822 1430 1865 et
1459 1818 1594 1876 gulae

125 1889 321 1933 deditus.
352 1887 550 1931 luxuriei
579 1886 886 1931 documentum
919 1887 1105 1957 praehet
1137 1874 1593 1945 Aristophaneslffl),

124 1958 200 2003 ubi
231 1957 380 2016 gallos
412 1955 663 2000 Phasianos
690 1956 864 1998 nutrire
895 1954 1060 1999 dicitur
1070 1945 1339 2012 Leogorast

268 2020 408 2069 Oz'm'
390 2042 445 2069 αν
469 2023 533 2081 μὰ
563 2021 640 2067 τὸν
668 2021 915 2078 Διόνυσον,
948 2020 989 2068 εἶ
1027 2022 1154 2081 δοίης
1182 2019 1234 2080 γέ
1260 2037 1341 2078 μοι
1371 2065 1373 2067 ,

267 2092 386 2144 Τοὺς
420 2089 698 2146 Φασιανούς,
729 2085 808 2143 οὓς
834 2092 994 2150 τρέφει
1022 2087 1286 2150 Λεωγόρας,

148 2211 238 2254 125)
265 2214 324 2247 De
347 2209 517 2246 Lachare
545 2206 623 2245 vid.
650 2205 817 2245 Clintou.
842 2209 944 2244 Fast.
977 2208 1080 2243 Hell·
1103 2207 1153 2242 ad
1179 2217 1269 2242 ann·
1299 2209 1382 2243 299.
1409 2205 1496 2242 add.
1521 2201 1593 2240 1²0-

214 2271 345 2316 lyaen.
370 2268 482 2302 Strat.
506 2266 581 2311 111,
607 2268 643 2300 7.
671 2263 861 2301 Plutarch.
887 2263 962 2302 vit.
989 2267 1154 2302 Demetr.
1194 2267 1254 2301 33.
1282 2263 1329 2298 de
1353 2260 1497 2301 seriore
1524 2264 1595 2297 La-

200 2326 331 2363 ‚chare
355 2324 433 2361 vid.
460 2322 651 2360 Plutarch.
686 2320 758 2360 Vir.
791 2323 929 2362 Anton.
956 2323 1016 2362 67.

144 2385 230 2429 126)
255 2385 314 2419 De
337 2381 432 2418 Isid.
459 2384 495 2417 et
519 2379 621 2417 Osir.
649 2381 709 2418 ⁴11.
733 2382 808 2419 vol.
834 2381 884 2416 111
910 2393 947 2427 p.
971 2381 1030 2418 66.

145 2441 228 2487 127)
257 2439 332 2479 vit.
358 2437 550 2476 Themist.
577 2439 633 2475 10-

145 2500 230 2545 128)
255 2495 421 2546 Lysistr.
454 2498 536 2535 266.

147 2557 238 2603 129)
267 2555 412 2591 Andoe.
441 2555 489 2591 de
514 2557 631 2602 myst.
661 2556 718 2594 47.

150 2614 239 2660 130)
264 2613 366 2654 Ibid.

149 2672 235 2717 131)
262 2672 361 2708 Nuh.
391 2682 425 2706 v.
451 2671 530 2708 108.
558 2681 617 2717 sq.
