1791 2940
484 569 775 629 CAPUT
824 571 1201 630 Palmum.

113 769 522 835 ANDocmEs
553 791 904 837 LEoeoRAE
943 793 994 836 F.
1039 790 1479 837 ATHENIENSIS
1508 796 1568 846 1).

116 859 190 915 qui
230 875 323 903 cum
357 865 402 903 et
441 860 618 915 generis
649 863 913 919 antiquitate
954 868 999 905 et
1029 863 1172 918 gloria
1205 863 1425 904 maiorum
1456 877 1569 903 unus

115 928 300 970 maxime
340 928 545 982 floreret,
581 928 694 971 eirca
735 927 848 971 illud
885 933 1085 987 tempus,
1138 942 1222 986 quo
1264 927 1568 972 Athenienses

115 994 370 1052 Syracusiis
400 996 564 1038 bellum
588 996 860 1049 intulerunt,
902 997 945 1038 in
975 1011 1192 1040 carcerem
1223 996 1446 1039 coniectus
1475 1001 1566 1038 est:

115 1062 229 1104 unde
259 1078 343 1105 non
376 1063 471 1104 sine
501 1063 738 1118 ignominia
767 1064 924 1106 evasit.
984 1065 1088 1105 exul
1129 1067 1357 1121 postquam
1398 1064 1564 1105 frustra

114 1130 353 1189 aliquoties
385 1128 533 1173 redire
566 1129 608 1172 in
640 1132 830 1188 patriam
862 1135 1043 1175 conatus
1077 1135 1170 1186 est,
1199 1129 1375 1176 tandem
1407 1130 1568 1187 expul-

112 1201 175 1240 sis
206 1198 414 1253 Triginta
445 1198 699 1241 Oblivionis
728 1201 830 1255 lege
860 1200 1095 1241 restitutus
1127 1203 1210 1243 est.
1269 1197 1350 1240 sed
1389 1199 1442 1239 ab
1480 1198 1565 1239 ini—

110 1267 174 1310 tio
232 1263 490 1308 ordiendum
523 1270 610 1310 est.
666 1268 845 1323 yeneris
879 1269 949 1311 sui
981 1272 1025 1311 et
1054 1268 1374 1325 antiquitatem
1401 1269 1447 1309 et
1475 1265 1568 1308 cla-

110 1334 293 1375 ritatem
327 1334 504 1390 saepius
535 1334 631 1391 ipse
661 1334 920 1377 Andocides
947 1336 990 1389 2)
1021 1335 1398 1389 commemoravit,
1433 1339 1565 1392 atque

110 1402 291 1458 egregio
307 1402 387 1444 hoe
417 1401 650 1458 praeconio
684 1402 728 1444 in
763 1402 962 1445 oratione
995 1401 1050 1445 de
1080 1402 1308 1460 mysteriis
1332 1404 1376 1458 3)
1414 1402 1562 1446 habita

109 1470 282 1512 ornavit
322 1483 425 1511 suos
467 1469 681 1523 maiores,
726 1466 777 1511 οἳ
812 1466 1026 1520 πλείστας
1063 1469 1144 1524 μὲν
1189 1466 1566 1528 στρατηγήσαντες

110 1532 377 1616 στρατηγίας
412 1535 561 1579 πολλὰ
599 1532 798 1616 τρόπαια
838 1539 926 1579 τῶν
963 1537 1190 1590 πολεμίων
1234 1535 1309 1580 καὶ
1336 1537 1448 1581 κατὰ
1487 1539 1565 1594 γῆν

112 1604 187 1646 καὶ
229 1602 343 1645 κατὰ
379 1600 611 1646 θάλατταν
648 1600 747 1658 ὑμῖν
786 1600 1049 1657 ἀπέδειξαν,
1094 1601 1308 1655 πλείστας
1338 1603 1388 1648 δὲ
1427 1599 1566 1656 ἄλλοις

109 1667 247 1729 ἀρχὰς
284 1664 493 1729 ἄρξαντες
532 1673 606 1714 καὶ
642 1669 849 1729 χρήματα
896 1669 1243 1729 διαχειρίσαντες
1279 1671 1334 1714 τὰ
1364 1668 1564 1751 ὑμέτςερα

109 1734 283 1782 οὖδεν’
267 1734 319 1781 οἷν
349 1736 535 1781 πώποτε
566 1733 738 1795 ωφλον,
773 1734 867 1782 0ὗὸὗ
897 1734 1148 1797 ἡμάρτηται
1177 1734 1305 1783 οὐδὲν
1336 1733 1437 1782 ου’τε
1462 1735 1564 1793 ἡμῖν

108 1802 170 1856 εἷς
198 1801 312 1860 ὑμᾶς
342 1799 555 1860 ου’τεῦμῖν
587 1800 793 1862 εἶςῆμᾶς,
826 1802 981 1848 οἰκία
1011 1803 1068 1847 δὲ
1097 1806 1295 1848 πασῶν
1325 1802 1564 1864 ἇρχαιο-

107 1870 241 1929 τάτη
271 1871 365 1914 καὶ
393 1869 698 1929 κοινοτάτη
731 1868 816 1915 ἀεὶ
851 1874 923 1929 τῷ
964 1871 1230 1929 δεομένῳ.
1290 1888 1368 1915 nec
1399 1874 1563 1916 iniuria

111 1942 219 1984 hane
260 1941 348 1984 sibi
387 1939 560 1983 laudem
599 1941 862 1995 vindicavit,
908 1939 1126 1998 siquidem
1174 1941 1415 1997 scriptores
1464 1956 1562 1984 eum

109 2007 400 2067 prodiderunt
442 2008 745 2065 Eupcctridam
770 2012 817 2061 4)
859 2024 895 2052 s.
924 2007 1168 2053 Patricium
1208 2009 1348 2052 fuisse
1381 2014 1426 2052 et
1457 2025 1563 2066 gen-

155 2138 195 2178 l)
242 2133 367 2168 Veteri
416 2137 561 2169 statuae
594 2135 661 2169 sed
699 2133 820 2179 capite
856 2137 1007 2168 truncae
1035 2133 1137 2178 apud
1178 2131 1355 2168 Fulvium
1382 2133 1562 2168 Ursinum

199 2190 515 2223 ΑΝΔΟΚῙΔΗΣ
534 2187 821 2223 AEJZFOPOT
840 2189 1120 2223 ΑΘΗΝΑῙΟΣ
1140 2188 1398 2236 subscriptum
1422 2189 1563 2236 legitur

198 2252 292 2284 teste
311 2246 487 2283 Fabricio
511 2246 693 2286 Biblioth-
720 2249 850 2282 Graec.
875 2249 952 2285 vol.
979 2249 1023 2280 11.
1050 2259 1087 2292 p.
1111 2246 1182 2281 758
1206 2248 1312 2280 Harl.

152 2308 189 2350 2)
238 2309 294 2340 De
318 2308 472 2352 Myster
513 2305 590 2339 141.
616 2305 663 2339 de
690 2305 783 2340 Rea.
813 2306 871 2342 26.

150 2364 193 2410 3)
246 2363 281 2408 ς.
312 2364 390 2398 147.
417 2357 464 2397 e‘f.
494 2363 556 2397 141
588 2381 630 2387 —
658 2364 738 2398 143.

149 2422 193 2467 4)
240 2421 325 2458 Vid.
355 2420 428 2458 vit.
456 2421 659 2455 Plutarcho
690 2421 818 2458 trihut.
848 2433 885 2465 p.
911 2421 981 2455 834
1010 2421 1054 2452 B.
1081 2420 1200 2462 γένους
1217 2417 1463 2463 Εὐπατριδῶν.
1506 2431 1565 2455 ce-

195 2482 316 2514 terum
339 2477 439 2513 facio
465 2490 549 2513 cum
575 2477 721 2513 Meiero
758 2474 826 2522 (de
850 2474 982 2523 gentil.
1016 2475 1094 2510 Att.
1129 2488 1169 2523 p.
1198 2475 1264 2523 37)
1306 2476 1462 2525 neganti
1489 2479 1564 2514 Eu-

199 2535 437 2583 patridarum
463 2536 632 2582 aliquam
658 2536 892 2582 singularem
915 2532 1035 2570 fuisse
1059 2537 1233 2580 gentem3
1257 2534 1447 2580 pertinere
1461 2534 1563 2570 enim

197 2595 271 2630 hoc
298 2606 437 2630 nomen
465 2594 514 2629 ad
537 2593 723 2629 Patricios
739 2603 890 2628 omnes:
916 2591 1055 2638 quodsi
1067 2591 1275 2639 scriptores
1289 2603 1563 2639 nonnunquam

197 2652 344 2686 addunt
367 2654 480 2697 γένος,
506 2652 600 2688 haec
624 2662 701 2686 vox
725 2649 840 2687 latius
866 2652 969 2696 patet
989 2661 1058 2685 nec
1083 2649 1130 2685 de
1155 2647 1258 2686 civili
1283 2650 1564 2696 gente-intelli-

198 2710 328 2755 gemla
352 2713 421 2748 est.
1570 2700 1588 2712 ⁶

166 2765 199 2809 Ι.
1266 2768 1285 2806 l
