1791 2940
855 68 940 137 ²⁰

168 201 416 258 Leogoram
460 201 546 244 iam
588 202 773 262 Olymp.
817 201 1057 251 LXXVII
1095 209 1209 248 extr.
1257 208 1334 248 aut
1375 200 1639 250 LXXVIII

169 285 238 329 pr.
273 271 317 312 in
347 269 588 314 Thraciam
619 271 781 317 abisse.
823 270 904 315 sed
930 271 1017 322 iam
1049 272 1128 317 diu
1159 289 1227 318 me
1257 273 1479 332 poenituit
1508 273 1659 317 huius

168 338 467 382 coniecturae!
507 338 608 396 quis
634 340 750 383 enim
781 339 1056 402 persuaserit
1084 342 1187 397 sibi,
1216 356 1316 395 eos,
1348 341 1424 398 qui
1454 333 1510 389 de
1539 341 1639 385 An-

169 406 344 450 docidis
373 407 565 450 oratoris
595 411 743 450 aetate
774 408 1111 465 quaesiverunt,
1132 410 1403 466 ignorasse,
1403 409 1638 466 'supersti-

169 482 259 518 tem
290 475 432 529 fuisse
461 475 654 518 cratonis
683 479 883 534 petrem,
922 486 1009 534 quo
1045 481 1256 534 tempore
1280 475 1492 527 Hermae
1498 475 1637 531 muti-

170 543 251 586 lati
291 526 452 586 ειιιιι2
487 540 701 585 accedunt
737 543 846 587 alia:
904 559 1002 587 nam
1041 559 1138 588 cum
1179 544 1268 603 ipsi
1292 544 1439 594 aliam
1467 536 1638 587 erroris

170 612 303 654 istius
324 610 663 668 explicationem
694 610 943 655 invenimus
967 612 1216 667 certiorem,
1244 616 1337 657 tum
1363 611 1637 666 Meierusos)

168 679 353 737 egregie
383 677 597 732 ostendit,
630 693 714 722 non
743 676 940 723 dubitari
966 694 1116 739 posse,
1149 679 1255 738 quin
1274 685 1394 725 recte
1412 677 1634 736 Leagrum

169 764 252 806 pro
284 747 487 804 Leogora
520 747 754 805 scripserit
786 745 1020 792 Clintonus
1046 750 1091 794 in
1118 749 1287 792 scholio
1320 747 1576 792 Aeschinis.

311 814 525 872 Sequitur
564 815 736 873 antiqui
773 814 1004 871 Leogorae
1034 816 1155 860 filius
1191 815 1468 869 Andocides,
1506 828 1633 872 quem

170 898 307 942 nepos
336 887 409 936 94)
440 881 640 941 prodidit
660 875 834 926 vfoedus
863 883 1108 928 tricennale
1149 897 1244 926 cum
1275 881 1635 931 Lacedaemoniis

160 952 353 995 ¹fecisse:
414 948 551 993 Μετὰ
579 949 631 994 δὲ
658 951 798 994 ταῦτα
828 946 885 994 δι’
914 948 1165 1010 ,Αἰγινήτας
1202 949 1250 1002 ἐς
1277 947 1476 1006 πόλεμον
1504 951 1633 994 κατέ-

170 1034 353 1077 στημεν,
393 1016 468 1061 καὶ
510 1017 659 1061 πολλὰ
695 1017 776 1073 μὲν
817 1017 934 1062 κακὰ
962 1017 1193 1069 παθόντες
1231 1017 1379 1061 πολλὰ
1418 1017 1469 1062 δὲ
1497 1013 1635 1080 ποιή-

169 1102 325 1137 σαντες
365 1082 719 1142 ἐπεθυμήσαμεν
755 1082 894 1129 πάλιν
930 1088 1011 1144 τῆς
1042 1083 1241 1150 εἰρήνης,
1280 1085 1359 1129 καὶ
1394 1082 1634 1146 ᾑρέθησαν

169 1155 277 1200 δέκα
305 1149 464 1213 ἄνδρες
492 1151 543 1205 ἐξ
562 1146 818 1210 ,Ἀθηναίων
848 1149 1057 1197 ἁπάντων
1083 1154 1296 1213 πρέσβεις
1316 1150 1379 1204 εἰς
1398 1149 1632 1196 Λακεδαί-

167 1233 284 1278 μονα
315 1221 420 1281 περὶ
447 1216 625 1279 εἰρήνης
653 1217 990 1281 αυτοκράτορες,
1020 1214 1082 1266 ὧν
1109 1216 1163 1280 ἦν
1192 1219 1268 1265 καὶ
1288 1218 1546 1279 Ἀνδοκίδης
1567 1222 1633 1274 95)

168 1288 193 1335 ὁ
224 1289 417 1341 πάππος
444 1285 470 1332 ὁ
500 1284 739 1348 ἡμέτερος·
770 1305 896 1333 ουτοι
911 1285 1017 1348 ἡμῖν
1037 1287 1213 1349 εἰρήνην
1231 1285 1502 1347 ἐποιήσαπο
1519 1286 1635 1348 πρὸς

166 1353 569 1412 Λακεδαιμονίους·
589 1353 666 1414 ἔτη
700 1355 956 1416 τριάκοντα.
1015 1359 1226 1402 similiter
1264 1351 1516 1402 Aeschines
1545 1360 1634 1410 96),

167 1428 208 1470 si
238 1427 346 1469 hacc
376 1430 479 1468 sunt
498 1424 776 1470 ‘'Aeni-binis:
811 1422 1068 1484 Ἀνδοκίδην
1107 1422 1147 1469 δ’
1178 1423 1489 1483 ἐκπέμψαντες
1515 1421 1633 1482 πρὸς

165 1491 271 1544 τοὺς
301 1490 699 1548 Λακεδαιμονίους
738 1493 815 1537 καὶ
849 1492 954 1545 τοὺς
983 1493 1306 1554 συμπρέσβεις,
1345 1488 1520 1551 εἰρήνην
1553 1488 1631 1548 ἔτη

164 1558 401 1620 τριάκοντα
432 1557 665 1619 ἠγάγομεν,
697 1569 743 1607 et
770 1564 914 1606 falsus
946 1563 1216 1621 Plutarchus
1233 1565 1304 1616 97)
1343 1572 1396 1604 ex
1428 1558 1633 1604 emenda-

164 1631 287 1674 tione
316 1629 575 1673 Ruhnkenii
603 1633 695 1685 98);
721 1626 982 1690 Ἀνδοκίδης
1010 1619 1260 1689 Λεωγόρου
1288 1628 1371 1685 μὲν
1392 1622 1445 1687 ἦν
1460 1626 1632 1687 πατρὸς

169 1696 270 1757 [τοῦ
291 1693 591 1756 ἈνδοκίδουῙ,
620 1699 704 1741 τοῦ
730 1699 925 1754 θεμένου
953 1698 1067 1743 ποτὲ
1095 1696 1212 1757 πρὸς
1223 1696 1632 1752 Λακεδαιμονίους

160 1761 343 1823 εἰρήνην
364 1760 641 1821 Ἀθηναίοις.
701 1782 777 1810 res
819 1768 1013 1826 pertinet
1048 1765 1106 1810 ad
1137 1766 1316 1824 Olymp.
1347 1762 1633 1819 LXXXIII,

161 1835 217 1888 3,
249 1839 297 1875 ut
328 1848 352 1874 e
385 1832 652 1890 Thucydide
703 1838 774 1888 99)
814 1835 972 1892 liquet.
1031 1833 1191 1892 quodsi
1221 1832 1452 1877 Diodorus
1481 1835 1575 1886 100)
1602 1835 1629 1875 'e

165 1901 211 1943 Χ
242 1901 353 1942 viris
385 1900 507 1944 solos
539 1898 729 1944 Calliam
771 1907 816 1945 et
847 1902 1090 1947 Charetem
1125 1902 1340 1960 nominat,
1376 1905 1528 1959 potest
1561 1904 1631 1943 ta-

167 1984 264 2011 men
297 1967 560 2012 Andocides
593 1970 707 2013 inter
738 1970 939 2029 reliqnos
971 1971 1135 2030 fuisse:
1186 1976 1283 2013 nam
1314 1968 1478 2027 reliqui
1506 1981 1630 2012 erro·

205 2108 274 2148 93)
295 2107 338 2146 L.
368 2107 396 2142 l.
423 2106 469 2151 V,
498 2107 539 2141 ll
564 2118 600 2152 p.
638 2108 706 2142 104
729 2117 788 2154 sq.

163 2187 165 2189 ·
205 2160 272 2210 94)
298 2167 357 2199 De
384 2175 458 2211 pac
493 2165 528 2199 6·

206 2222 270 2268 95)
295 2220 397 2258 Hinc
424 2223 530 2268 patet
552 2232 670 2268 quam
695 2226 794 2257 recte
821 2224 1027 2261 Bosslerns
1051 2222 1100 2258 de
1124 2224 1228 2269 gent.
1255 2224 1293 2257 et
1326 2219 1418 2257 fam.
1441 2219 1517 2259 Att.
1549 2230 1626 2257 sac.

252 2292 292 2325 p.
330 2284 373 2314 31
417 2282 496 2315 not.
535 2283 561 2314 3
590 2279 815 2344 contendat,
851 2291 894 2318 se
929 2279 1058 2318 huius'
1081 2278 1292 2329 Andocidis
1329 2290 1471 2314 nomen
1496 2290 1517 2314 e
1545 2279 1626 2314 sola

252 2335 469 2373 coniectura
488 2335 712 2374 inseruisse.
743 2335 889 2392 quippe
917 2337 1130 2385 scripturus
1154 2336 1203 2372 de
1226 2324 1437 2373 Andocidis
1464 2334 1626 2381 familia,

250 2406 298 2429 ne
322 2396 469 2441 legerat
494 2393 651 2440 quidem
680 2389 874 2430 orationes
901 2392 1128 2438 Andocidis,
1152 2396 1195 2429 ut
1213 2392 1442 2431 Aeschinem
1467 2395 1623 2431 taceam·

204 2452 273 2499 96)
298 2455 355 2488 De
379 2452 467 2487 fals·
491 2453 568 2498 leg.
597 2452 668 2487 174
689 2463 729 2498 p.
754 2455 816 2497 51,
847 2455 892 2486 23
915 2453 1048 2500 Steph.

203 2510 272 2557 97)
301 2508 375 2547 Vit.
403 2509 546 2545 Andoc-
572 2521 632 2557 pr.
656 2521 695 2556 p.
723 2510 796 2545 834
821 2511 867 2545 B·
939 2523 943 2526 ’

131 2574 145 2589 ⁴·
199 2569 267 2611 98)
290 2566 392 2604 Hist.
419 2566 502 2603 crit.
526 2577 581 2606 or.
610 2568 740 2603 Graec.
765 2579 806 2615 p.
835 2568 895 2604 49.

200 2627 266 2668 99)
289 2625 322 2671 I,
349 2627 429 2662 115·
452 2625 501 2661 cf.
528 2627 576 2668 Π,
606 2630 626 2659 2
653 2627 690 2661 et
716 2626 880 2662 Pansan.
905 2626 955 2669 V,
981 2628 1039 2662 23.
1066 2627 1101 2661 4.

181 2682 268 2729 100)
295 2683 369 2717 XII
381 2708 393 2727 ‚
423 2684 456 2719 7.
