1791 2940
847 38 928 87 10

154 173 235 218 lud
262 176 420 218 nomen
447 172 698 218 derivatum
726 189 831 218 esse
851 174 1186 219 fabulabantur.
1213 198 1344 211 ---
1372 167 1625 236 quamnam

158 241 294 301 probe
321 245 473 285 notum
504 244 598 294 est,
635 254 724 286 non
759 243 989 287 universos
1014 243 1204 300 gentiles
1232 242 1485 303 (γεννήτας)
1526 259 1624 290 esse

156 311 294 355 etiam
324 313 534 366 caynam
563 311 858 368 (συγγενεῖς)ε
899 310 1032 355 simul
1068 317 1388 360 contexuerunt
1416 318 1623 359 stemma-

155 387 200 423 ta
213 412 226 435 ,
265 391 449 436 quarum
487 387 571 437 ope
602 383 724 421 certe
757 378 959 434 potiores
984 380 1219 435 gentilium
1250 381 1621 437 demonstrarent,

155 449 211 492 ab
241 448 322 491 illo
352 460 455 490 seso
492 450 673 489 auctore
701 450 909 504 repetere
939 443 1199 505 originem“.

219 546 222 549 '
292 536 434 583 Addo
462 536 596 579 etiam
626 549 651 579 e
678 533 846 595 Lysiae
874 536 1076 581 oratione
1104 540 1175 591 ⁵9)
1206 538 1408 597 liquere,
1445 537 1619 583 Mercu-

153 608 268 652 rium
301 601 529 649 Andocidi
562 604 786 662 πατρῷον
813 605 995 649 fnisse·
984 601 1291 686 Ἀνδοκίδης
1327 604 1379 650 δὲ
1404 606 1620 650 τοσοῦτον

152 669 526 759 καταπεφρόνηκε
564 671 655 716 τῶν
687 672 813 716 θεῶν
854 672 931 717 καὶ
967 689 1028 717 ων
1067 668 1253 725 ἐκείνοις
1295 673 1366 718 δεῖ
1390 675 1614 733 τιμωρεῖν,

153 740 287 823 a‘igven
294 740 403 802 πρὶν
430 734 651 796 μᾶλλον’
629 756 660 799 η
689 731 823 800 ἧττον
851 735 882 799 ἢ
909 739 1282 800 ἐπιδεδημηκέναι
1313 741 1420 805 δέκα
1447 736 1619 801 ἡμέρας

152 810 199 856 ἐν
228 811 287 869 τῇ
317 806 454 852 πόλει
491 808 856 866 προςεκαλέσατο
888 806 1015 865 δίκην
1044 805 1255 864 ἀσεβείας
1279 808 1397 867 πρὸς
1422 808 1502 853 τὸν
1528 811 1614 864 βα-

153 879 304 932 σιλέα,
348 873 426 920 καὶ
456 870 610 930 ἔλαχεν
626 869 888 934 Ἀνδοκίδης
915 873 994 918 καὶ
1027 874 1290 934 πεποιηκὼς
1318 870 1349 920 ἃ
1374 868 1506 932 οὗτος
1533 891 1618 920 πε-
1686 891 1699 895 ·

153 945 317 1005 ποίηκε
346 959 455 1004 περι
478 941 586 995 τοὺς
616 940 767 997 θεούς,
814 941 892 987 καὶ
917 940 991 987 ἵνα
1004 943 1176 999 μᾶλλον
1190 941 1410 1004 πρόςχητε
1422 943 1501 989 τὸν
1514 945 1617 988 νοῦν

153 1013 382 1076 φάσκων
409 1010 505 1056 τὸν
527 1006 906 1092 {dolonn-nov
955 1006 1184 1070 ἀσεβεῖν
1221 1010 1357 1072 περὶ
1384 1009 1481 1055 τὸν
1501 1007 1615 1070 Ἕρ-

151 1086 256 1142 μῆν
283 1080 379 1126 τὸν
408 1076 605 1125 αὑτοῦ
604 1080 907 1138 πατρῷον·
936 1075 962 1123 ὅ
993 1079 1044 1125 δέ
1061 1074 1319 1139 Ἄρχιππος
1346 1074 1560 1138 ἢντιδίκει
1588 1073 1615 1136 ἦ

151 1150 239 1212 μὴν
268 1149 346 1195 τὸν
369 1145 529 1208 Ἑρμῆν
557 1143 662 1205 ὖγιᾶ
689 1162 738 1191 τε
770 1163 847 1191 και
875 1144 982 1192 όλον
1011 1141 1148 1203 εἶναι,
1178 1147 1255 1192 καὶ
1282 1145 1420 1207 μηδὲν
1448 1148 1617 1191 παθεῖν

153 1215 303 1278 ωνπερ
332 1235 376 1262 οι
407 1211 539 1260 ι’ίλλοι
573 1211 741 1274 Ἑρμαα
801 1212 927 1270 όμως
964 1213 1120 1272 μέντοι
1145 1212 1220 1260 ἵνα
1247 1214 1309 1274 μὴ
1336 1212 1429 1259 ’ὑπὸ
1457 1212 1617 1258 τούτου

151 1284 361 1332 τοιούτου
404 1278 532 1335 ἶίντος
570 1276 791 1341 πράγματ’
833 1279 930 1336 ἔχοι
968 1281 1073 1335 δοὺς
1110 1279 1320 1342 ἀργύριον
1367 1279 1614 1341 ἀπηλλάγη.

153 1357 281 1401 mitto
312 1352 561 1398 Sluiteium
593 1353 691 1406 80),
730 1364 859 1409 quem
892 1351 1094 1410 sequitur
1121 1349 1353 1396 Beckerus
1380 1352 1470 1406 61):
1529 1365 1614 1398 ιιοιι

151 1441 201 1469 se
232 1438 390 1481 passus
419 1424 488 1464 est
521 1419 665 1478 decipi
696 1435 891 1465 summus
931 1422 1002 1465 vir
1030 1420 1283 1465 Lobeckius
1310 1424 1406 1475 62),
1443 1420 1520 1477 qui
1550 1420 1612 1463 ita

149 1489 386 1548 castigavit
415 1485 684 1531 Sluiterum:
715 1487 919 1544 „Verum
947 1485 1054 1531 θεοὶ
1071 1488 1278 1548 πατρῷοι
1293 1492 1471 1549 praeter
1491 1487 1611 1540 illos,

151 1574 337 1619 quorum
369 1571 492 1601 sacra
523 1555 686 1613 aliquis
716 1557 762 1599 in
791 1557 886 1599 suis
913 1556 1113 1615 praediis
1141 1557 1314 1600 colebat
1332 1572 1355 1599 a
1375 1556 1613 1604 maioribus

149 1629 353 1686 accepta,
391 1624 485 1668 sine
518 1621 652 1665 dubio
682 1622 816 1674 etiam
847 1624 1059 1668 nominati
1088 1628 1191 1667 sunt
1220 1622 1418 1668 eiusdem
1449 1622 1612 1682 phylae

151 1703 197 1742 et
226 1693 458 1755 phratriae
496 1690 561 1736 dii
590 1696 635 1735 et
673 1691 756 1751 qui*
782 1692 837 1735 ab
865 1691 970 1736 aliis
1011 1689 1190 1752 quidem
1221 1692 1302 1736 sed
1331 1691 1376 1749 in
1404 1691 1611 1749 proximo

150 1761 396 1810 consecrati
424 1763 607 1820 propter
637 1760 781 1819 ipsam
816 1760 1014 1803 viciniam
1039 1761 1230 1804 sollenni
1259 1760 1455 1802 familiae
1485 1761 1613 1803 mini-

150 1833 292 1879 sterio
319 1829 577 1874 colebantur
608 1828 778 1887 paritet·
808 1827 1077 1873 domesticis,
1137 1826 1192 1872 de
1228 1827 1421 1872 Pindaro
1459 1835 1613 1873 narrat

151 1896 355 1946 Thomas
384 1896 607 1954 Magister
653 1896 732 1950 (in
763 1895 873 1940 Vita
902 1898 1089 1955 p.155)
1121 1892 1313 1953 κατῴκει
1341 1893 1422 1949 τὰς
1455 1893 1613 1954 Θηβας

149 1966 342 2028 πλησίον
367 1965 448 2010 τοῦ
477 1961 603 2024 ιεροῦ
627 1954 707 2023 τῆς
714 1958 842 2017 Ῥέας
858 1960 950 2044 “⁷5⁹
979 1959 1148 2008 οἰκίαν·
1175 1962 1308 2020 ἐτίμα
1324 1962 1376 2008 δὲ
1406 1962 1485 2024 τὴν
1499 1963 1612 2011 θεὸν

149 2033 348 2098 σφόδρα.
378 2048 508 2092 quam
537 2029 800 2090 religionem
832 2033 872 2075 si
898 2032 1070 2090 posteri
1098 2034 1195 2076 eius
1209 2035 1503 2091 retinuerunt,
1526 2050 1611 2079 non

148 2107 328 2157 dubito,
371 2102 474 2161 quin
506 2100 636 2145 deam
668 2100 793 2144 illam
829 2100 917 2144 sihi
946 2095 1166 2159 πατρῴαν
1191 2099 1339 2148 dicere
1368 2104 1610 2162 potuerint,

149 2175 360 2220 similiter
392 2175 441 2213 ut
471 2167 735 2213 Andocides
765 2168 1060 2221 Mercurium,
1092 2184 1220 2227 quem
1247 2171 1345 2229 ipse
1375 2171 1503 2231 παρὰ
1530 2172 1611 2232 τὴν

149 2257 364 2300 πατρῳαν
395 2235 541 2282 οἰκίαν
570 2238 830 2281 collocatum
848 2252 948 2280 esse
971 2241 1164 2281 testatur
1178 2236 1234 2280 de
1253 2239 1489 2297 Mysten-iis
1511 2244 1581 2284 62⁸
1583 2243 1610 2287 ‘.

149 2316 282 2369 atque
314 2306 359 2350 id
392 2307 568 2365 quidem
601 2305 728 2349 facile
756 2306 977 2362 largimur
992 2305 1089 2350 viro
1108 2306 1409 2371 sagacissimo,
1440 2310 1609 2368 potuis-

194 2481 262 2528 59)
287 2479 333 2514 In
363 2476 509 2514 Andoc.
536 2478 579 2512 ll
607 2487 668 2522 sq.

193 2539 258 2585 60)
279 2540 382 2574 Lect-
409 2533 558 2571 Audeo.
582 2546 619 2581 p.
646 2535 725 2572 170.

195 2599 260 2640 fil)
289 2591 490 2633 Andokid.
515 2593 644 2628 iiber-s.
672 2604 710 2627 u·
739 2590 871 2628 erliiut·
901 2605 939 2640 p.
964 2594 1012 2629 27
1035 2597 1112 2631 not.
1135 2596 1194 2633 85.

192 2657 261 2696 62)
291 2652 550 2701 Aglaopham.
579 2662 616 2698 p.
644 2651 746 2689 1334.
