1791 2940
267 262 391 315 Hoc
408 265 639 327 proelium,
654 277 743 323 quo
756 263 958 324 stupenti
970 266 1073 313 sunt
1087 261 1408 314 Pisistratidas
1422 264 1603 327 olymp.

152 331 411 388 LXVII,2
382 337 554 378 2extr.
578 336 631 375 et
660 332 812 387 eiecti,
840 331 1069 389 Pallenio‚
1090 337 1141 380 ιιι
1162 328 1375 387 vidimus,
1404 334 1605 391 assigna-

153 402 218 446 vit
231 399 528 451 Andocides:
547 414 691 460 neque
718 405 824 446 vero
853 399 1032 450 iniecta.
1041 397 1239 449 Fauonii
1273 401 1488 449 memoria
1501 415 1606 463 pro-

151 470 230 514 hat
265 469 382 515 illud
421 469 496 528 agi
533 472 782 522 certamen,
823 466 943 528 quod
968 476 1072 519 cum
1099 458 1349 517 Picano-ato
1377 469 1489 527 ipso
1503 475 1606 532 post

153 538 390 585 secundum
419 537 602 582 exilium
632 535 827 580 reditum
864 537 1074 582 moliente
1102 523 1352 581 consertum
1380 542 1452 583 est
1479 541 1605 592 (ιιιιιι

153 605 236 651 illo
273 610 472 665 tempore
511 605 650 655 victos
688 619 790 649 esse
830 603 1178 649 Αῐοηιαεωιιάω
1216 604 1495 652 notissimum
1521 613 1607 664 est,

152 683 249 716 cum
283 678 430 718 tamen
468 671 730 720 Andocides
772 678 1006 732 superatos
1052 671 1220 717 dixerit
1258 671 1315 716 ad
1355 670 1607 736 Pallenium

156 739 489 785 Pisistratidas
507 755 607 785 esse
638 745 685 784 et
713 739 941 786 fundatam
971 740 1226 784 libertatem
1256 730 1497 799 Atticam),
1526 743 1608 789 sed
1646 794 1649 796 ,

153 808 201 852 id
229 824 365 853 unum
396 809 554 851 merito
583 806 761 852 videtur
800 809 954 866 colligi
983 822 1114 867 posse
1154 822 1179 850 e
1207 807 1357 853 verbis
1395 813 1606 866 oratoris,

153 890 241 935 quo
269 876 367 921 loco
395 876 501 922 olim
532 877 697 922 amissa
736 881 836 921 erat
873 876 1065 921 libertas
1096 875 1243 920 eodem
1282 875 1375 920 loco
1402 883 1524 938 post
1529 894 1608 925 an-

152 959 254 988 num
283 941 520 991 XXXIV.
550 946 742 990 excisam
779 960 879 988 esse
906 944 1201 1003 tyrannidem.
1259 943 1424 988 etenim
1453 946 1609 1006 quidni

153 1011 266 1058 hunc
303 1013 446 1057 locum
483 1010 805 1058 Pisistratidae
847 1012 1080 1069 elegerunt
1121 1011 1224 1055 honi
1260 1011 1421 1057 ominis
1459 1028 1609 1074 causa,

154 1078 502 1134 Alcmaeonidae
533 1095 638 1126 vero
662 1086 712 1125 nt
738 1081 883 1125 locum
908 1078 1034 1123 clade
1059 1091 1137 1123 sua
1158 1081 1406 1124 famosum
1390 1083 1608 1141 insignem

154 1146 400 1202 redderent
437 1148 623 1193 victoria
664 1153 711 1193 et
748 1149 846 1208 ipsa
881 1148 970 1191 loci
1006 1147 1183 1195 infamia
1222 1161 1402 1191 suorum
1437 1152 1609 1199 animm

154 1210 422 1260 incitarent?
461 1215 615 1275 itaque
643 1217 771 1262 nohis
795 1205 974 1274 quidem
1003 1215 1117 1259 satis
1148 1213 1326 1258 dubium
1355 1231 1456 1262 esse
1486 1220 1610 1266 vide-

154 1289 252 1339 tur,
290 1289 439 1327 utrum
480 1283 538 1328 ad
583 1285 816 1342 victoriam
860 1282 1095 1328 Pisistrati
1124 1298 1180 1326 an
1207 1283 1265 1327 ad
1291 1281 1487 1344 Hippiae
1514 1289 1608 1334 ela-

156 1340 256 1396 dem
285 1352 583 1410 spectaverint
610 1338 894 1397 Aristoteles
922 1351 967 1394 in
993 1350 1106 1409 Rep.
1135 1349 1411 1396 Atheniensi·
1435 1360 1482 1399 et
1509 1356 1609 1402 An-

156 1422 303 1467 drotio
330 1422 377 1465 in
403 1419 615 1476 Atthide,
644 1434 756 1479 quos
783 1420 946 1464 scimus
963 1418 1155 1463 Pallenii
1187 1420 1448 1466 mentionem
1477 1424 1610 1470 fecis-

156 1506 206 1535 se
245 1495 362 1535 teste
399 1489 638 1534 scholiasta
675 1488 1000 1548 Aristophanis
1030 1487 1118 1542 ⁷9),
1156 1487 1266 1531 licet
1293 1493 1610 1545 grammaticus

156 1559 374 1607 retulerit
401 1556 458 1601 ad
491 1556 781 1602 Pisistratum
810 1557 968 1616 ipsum.
1025 1570 1104 1598 nec
1132 1555 1320 1600 dixerim
1349 1570 1502 1602 rerum
1526 1560 1610 1604 im-

156 1626 447 1687 peritiorem,
488 1629 540 1669 ut
567 1624 698 1681 alibi,
740 1624 878 1669 fuisse
916 1622 1217 1670 Andocidem:
1273 1639 1371 1669 nam
1409 1641 1485 1672 res
1512 1644 1607 1675 cnm

156 1709 239 1754 per
266 1694 704 1739 se-Atheniensihus
735 1693 890 1736 debuit
915 1693 1148 1735 notissima
1179 1708 1302 1748 esse,
1332 1699 1429 1736 tum
1453 1697 1611 1741 Ando-

157 1760 299 1806 cidem
326 1761 403 1805 vix
433 1759 578 1820 potuit
605 1761 772 1815 latere,
798 1760 924 1804 cuius
952 1774 1142 1820 proavus
1170 1760 1214 1803 in
1245 1761 1324 1805 illa
1356 1776 1499 1821 pugna
1528 1767 1610 1811 εχ-

158 1830 365 1873 celleret:
412 1842 490 1869 nec
528 1826 821 1871 adversantur
867 1828 1037 1885 reliqui
1075 1820 1321 1886 scriptores
1358 1831 1611 1878 Andocidig

156 1895 435 1950 testimoni03
463 1892 708 1954 Lipsydrio
721 1895 840 1939 enim
870 1898 1037 1939 remoto
1053 1895 1194 1955 plane
1225 1896 1494 1955 ignoramus,
1523 1917 1610 1962 qno

155 1965 253 2015 loco
269 1961 534 2008 Cleomenes
555 1977 661 2006 cum
672 1959 913 2007 Thessalis
930 1965 1189 2022 pugnaverit
1206 1970 1252 2007 et
1280 1965 1354 2008 uhi
1377 1969 1612 2015 Alcmaeo-

157 2030 277 2075 nidis
307 2032 479 2074 iunctus
506 2029 701 2090 Hippiae
729 2032 879 2090 copias
908 2031 1156 2088 fugaverit,
1194 2031 1282 2074 nisi
1310 2034 1538 2082 Andocidi
1559 2040 1613 2083 fi-

157 2098 257 2143 dem
295 2098 529 2154 hahemus,
572 2099 735 2145 factum
774 2099 854 2143 hoc
884 2114 993 2155 ‘esse
1030 2097 1088 2142 ad
1127 2097 1391 2145 Pallenium.
1452 2106 1614 2163 quodsi

156 2163 490 2224 Aristophanes
518 2166 585 2222 80)
620 2180 707 2210 non
752 2167 848 2211 sinc
887 2167 1019 2212 laude
1057 2180 1397 2213 commemorare
1435 2173 1612 2219 videtur

154 2232 471 2294 'Lipsydrium,
509 2248 562 2276 eo
595 2239 744 2279 tamen
773 2233 892 2280 haud
928 2235 1096 2280 efficias
1126 2236 1310 2278 mentita
1341 2252 1442 2282 esso
1468 2243 1610 2287 seona

156 2301 339 2362 antiqua
380 2305 427 2345 et
464 2301 603 2346 falsos
634 2304 904 2362 scriptores,
931 2303 1019 2361 qui
1045 2307 1285 2361 pugnatum
1311 2318 1413 2349 esse
1431 2320 1485 2350 eo
1513 2309 1612 2353 loco

151 2369 330 2428 ¹aliquot
367 2369 494 2413 annis
533 2376 634 2415 ante
661 2376 875 2430 tyrannos
907 2372 1119 2431 expulsos
1145 2372 1368 2416 affirment
1399 2380 1446 2418 et
1479 2392 1615 2436 pror.

158 2447 236 2481 sus
271 2437 413 2481 victos
451 2437 800 2483 Alcmaeonidas
835 2455 952 2484 esse.
1007 2454 1085 2483 nec
1129 2441 1258 2484 verba
1289 2441 1613 2522 Aristophanis

156 2504 382 2561 flagitant,
410 2508 461 2547 ut
487 2506 677 2566 reliquis
706 2497 839 2552 fidem
871 2502 1162 2564 denegemus.
1206 2524 1303 2554 nam
1328 2511 1384 2555 si
1404 2506 1510 2564 fecit
1536 2529 1609 2558 se-

154 2575 257 2632 ιιιιιιι
286 2572 468 2615 chorum
500 2572 742 2618 dicentem:

200 2663 269 2709 ⁷⁹)
296 2662 357 2700 Ad
373 2664 538 2700 scham
564 2666 634 2700 2³4
656 2665 779 2711 (233).

198 2720 268 2766 ω)
291 2719 456 2768 Lysistr.
482 2720 554 2758 665
575 2731 678 2770 sqq.-
